<record xmlns="http://www.loc.gov/MARC21/slim" xmlns:xsi="http://www.w3.org/2001/XMLSchema-instance" xsi:schemaLocation="http://www.loc.gov/MARC21/slim http://www.loc.gov/standards/marcxml/schema/MARC21slim.xsd"><leader>01100cz   2200253n  4500</leader><controlfield tag="001">oca00600853 </controlfield><controlfield tag="005">20031016052514.0</controlfield><controlfield tag="008">811023n| acannaabn          |a aaa      </controlfield><datafield ind1=" " ind2=" " tag="010"><subfield code="a">n  81055375 </subfield></datafield><datafield ind1=" " ind2=" " tag="040"><subfield code="a">DLC</subfield><subfield code="c">DLC</subfield><subfield code="d">DLC</subfield><subfield code="d">InU</subfield></datafield><datafield ind1="0" ind2=" " tag="100"><subfield code="a">Synesius,</subfield><subfield code="c">of Cyrene, Bishop of Ptolemais.</subfield></datafield><datafield ind1="0" ind2=" " tag="400"><subfield code="a">Synesius Cyrenaeus,</subfield><subfield code="c">Bp. of Ptolemais</subfield><subfield code="w">nnaa</subfield></datafield><datafield ind1="0" ind2=" " tag="400"><subfield code="a">Synesios,</subfield><subfield code="c">von Kyrene, Bishop of Ptolemais</subfield></datafield><datafield ind1="1" ind2=" " tag="400"><subfield code="a">Cyrene, Synesius of,</subfield><subfield code="c">Bishop of Ptolemais</subfield></datafield><datafield ind1="0" ind2=" " tag="400"><subfield code="a">Synesios,</subfield><subfield code="c">ho Kyrēnaios, Bishop of Ptolemais</subfield></datafield><datafield ind1="0" ind2=" " tag="400"><subfield code="a">Sūnisiyūs al-Qūrīnāʼī,</subfield><subfield code="c">Bishop of Ptolemais</subfield></datafield><datafield ind1="1" ind2=" " tag="400"><subfield code="a">Qūrīnāʼī, Sūnisiyūs,</subfield><subfield code="c">Bishop of Ptolemais</subfield></datafield><datafield ind1="0" ind2=" " tag="400"><subfield code="a">Sinesio,</subfield><subfield code="c">di Cirene, Bishop of Ptolemais</subfield></datafield><datafield ind1="0" ind2=" " tag="400"><subfield code="a">Synésios,</subfield><subfield code="c">de Cyrène, Bishop of Ptolemais</subfield></datafield><datafield ind1="0" ind2=" " tag="400"><subfield code="a">Synesius,</subfield><subfield code="c">Cyrenaeus, Bishop of Ptolemais</subfield></datafield><datafield ind1="0" ind2=" " tag="400"><subfield code="a">Synesios,</subfield><subfield code="c">Kyrēnaios, Bishop of Ptolemais</subfield></datafield><datafield ind1="1" ind2=" " tag="400"><subfield code="a">Sūnisiyūs,</subfield><subfield code="c">Qūrīnāʼī, Bishop of Ptolemais</subfield></datafield><datafield ind1=" " ind2=" " tag="670"><subfield code="a">Roques, D. Synésios de Cyrène et la Cyrénaïque du Bas-Empire, 1987.</subfield></datafield><datafield ind1=" " ind2=" " tag="670"><subfield code="a">Synesiou Kyrēnaiou hymnoi emmetroi, 1968.</subfield></datafield></record>